@article{Hollerbach1980,
author = {Hollerbach, John M},
doi = {10.1109/TSMC.1980.4308393},
file = {:C$\backslash$:/Users/marti/Google Drive/NTNU/project/articles/04308393.pdf:pdf},
issn = {0018-9472},
journal = {IEEE transactions on Systems, Man and Cybernetics},
number = {11},
pages = {730--736},
title = {{A recursive Lagrangian Formulation of manipulator Dynamics and a comparative Study of Dynamics Formulation Complexity}},
volume = {SMC-10},
year = {1980}
}
