@book{spong,
  Author = {Mark W. Spong, Seth Hutchinson, M. Vidyasagar},
  Title = {Robot Modeling and Control},
  Publisher = {Wiley},
  Year = {2006},
  ISBN = {0471649902}
}

@article{DH,
  Author = {J. Denavit, R. Hartenberg},
  Title = {A kinematic notation for lower-pair mechanisms based on matrices},
  Journal = {ASME Journal of Applied Mechanics, 22},
  Page = {215-221},
  Year = {1955}
}